% This file was created with JabRef 2.11.1.
% Encoding: Cp1252


@Article{Barton2015,
  Title                    = {Stretch-minimising stream surfaces},
  Author                   = {Michael Barto{\v{n}} and Ji{\v{r}}{\'{\i}} Kosinka and Victor M. Calo},
  Journal                  = {Graphical Models},
  Year                     = {2015},
  Month                    = {may},
  Pages                    = {12--22},
  Volume                   = {79},
  Doi                      = {10.1016/j.gmod.2015.01.002},
  Publisher                = {Elsevier {BV}},
  Url                      = {http://dx.doi.org/10.1016/j.gmod.2015.01.002}
}

@Article{Brambilla2015,
  Title                    = {Expressive seeding of multiple stream surfaces for interactive flow exploration},
  Author                   = {Andrea Brambilla and Helwig Hauser},
  Journal                  = {Computers {\&} Graphics},
  Year                     = {2015},
  Month                    = {apr},
  Pages                    = {123--134},
  Volume                   = {47},
  Doi                      = {10.1016/j.cag.2015.01.002},
  Publisher                = {Elsevier {BV}},
  Url                      = {http://dx.doi.org/10.1016/j.cag.2015.01.002}
}

@Article{Schulze2014,
  Title                    = {Sets of Globally Optimal Stream Surfaces for Flow Visualization},
  Author                   = {M. Schulze and J. Martinez Esturo and T. Günther and C. Rössl and H.-P. Seidel and T. Weinkauf and H. Theisel},
  Journal                  = {Computer Graphics Forum},
  Year                     = {2014},
  Month                    = {jun},
  Number                   = {3},
  Pages                    = {1--10},
  Volume                   = {33},
  Doi                      = {10.1111/cgf.12356},
  Publisher                = {Wiley-Blackwell},
  Url                      = {http://dx.doi.org/10.1111/cgf.12356}
}

@Article{Esturo2013,
  Title                    = {Global Selection of Stream Surfaces},
  Author                   = {Janick Martinez Esturo and Maik Schulze and Christian Rössl and Holger Theisel},
  Journal                  = {Computer Graphics Forum},
  Year                     = {2013},
  Month                    = {may},
  Number                   = {2pt1},
  Pages                    = {113--122},
  Volume                   = {32},
  Doi                      = {10.1111/cgf.12031},
  Publisher                = {Wiley-Blackwell},
  Url                      = {http://dx.doi.org/10.1111/cgf.12031}
}

@Article{McLoughlin2013,
  Title                    = {Similarity Measures for Enhancing Interactive Streamline Seeding},
  Author                   = {T. McLoughlin and M. W. Jones and R. S. Laramee and R. Malki and I. Masters and C. D. Hansen},
  Journal                  = {{IEEE} Trans. Visual. Comput. Graphics},
  Year                     = {2013},
  Month                    = {aug},
  Number                   = {8},
  Pages                    = {1342--1353},
  Volume                   = {19},
  Doi                      = {10.1109/tvcg.2012.150},
  Publisher                = {Institute of Electrical and Electronics Engineers ({IEEE})},
  Url                      = {http://dx.doi.org/10.1109/TVCG.2012.150}
}

@Misc{Edmunds2012,
  Title                    = {Advanced, Automatic Stream Surface Seeding and Filtering},
  Author                   = {Edmunds, Matt and Laramee, Robert S. and Chen, Guoning and Zhang, Eugene and Max, Nelson},
  Year                     = {2012},
  Doi                      = {10.2312/LocalChapterEvents/TPCG/TPCG12/053-060},
  Publisher                = {The Eurographics Association},
  Url                      = {https://doi.org/10.2312/LocalChapterEvents/TPCG/TPCG12/053-060}
}

@Article{Edmunds2012a,
  Title                    = {Automatic Stream Surface Seeding: A Feature Centered Approach},
  Author                   = {M. Edmunds and R.S. Laramee and R. Malki and I. Masters and T.N. Croft and G. Chen and E. Zhang},
  Journal                  = {Computer Graphics Forum},
  Year                     = {2012},
  Month                    = {jun},
  Number                   = {3pt2},
  Pages                    = {1095--1104},
  Volume                   = {31},
  Doi                      = {10.1111/j.1467-8659.2012.03102.x},
  Publisher                = {Wiley-Blackwell},
  Url                      = {http://dx.doi.org/10.1111/j.1467-8659.2012.03102.x}
}

@Article{Edmunds2012b,
  Title                    = {Surface-based flow visualization},
  Author                   = {Matt Edmunds and Robert S. Laramee and Guoning Chen and Nelson Max and Eugene Zhang and Colin Ware},
  Journal                  = {Computers {\&} Graphics},
  Year                     = {2012},
  Month                    = {dec},
  Number                   = {8},
  Pages                    = {974--990},
  Volume                   = {36},
  Doi                      = {10.1016/j.cag.2012.07.006},
  Publisher                = {Elsevier {BV}},
  Url                      = {http://dx.doi.org/10.1016/j.cag.2012.07.006}
}

@Article{Klein2012,
  Title                    = {On the Ellipsoid and Plane Intersection Equation},
  Author                   = {Peter Paul Klein},
  Journal                  = {{AM}},
  Year                     = {2012},
  Number                   = {11},
  Pages                    = {1634--1640},
  Volume                   = {03},
  Doi                      = {10.4236/am.2012.311226},
  Publisher                = {Scientific Research Publishing, Inc,},
  Url                      = {http://dx.doi.org/10.4236/am.2012.311226}
}

@InProceedings{Lee2011,
  Title                    = {View point evaluation and streamline filtering for flow visualization},
  Author                   = {Teng-Yok Lee and Oleg Mishchenko and Han-Wei Shen and Roger Crawfis},
  Booktitle                = {2011 {IEEE} Pacific Visualization Symposium},
  Year                     = {2011},
  Month                    = {mar},
  Publisher                = {Institute of Electrical {\&} Electronics Engineers ({IEEE})},
  Doi                      = {10.1109/pacificvis.2011.5742376},
  Url                      = {http://dx.doi.org/10.1109/PACIFICVIS.2011.5742376}
}

@Article{Schneider2010,
  Title                    = {Topology Aware Stream Surfaces},
  Author                   = {Dominic Schneider and Wieland Reich and Alexander Wiebel and Gerik Scheuermann},
  Journal                  = {Computer Graphics Forum},
  Year                     = {2010},
  Month                    = {aug},
  Number                   = {3},
  Pages                    = {1153--1161},
  Volume                   = {29},
  Doi                      = {10.1111/j.1467-8659.2009.01672.x},
  Publisher                = {Wiley-Blackwell},
  Url                      = {http://dx.doi.org/10.1111/j.1467-8659.2009.01672.x}
}

@Article{Xu2010,
  Title                    = {An Information-Theoretic Framework for Flow Visualization},
  Author                   = {Lijie Xu and Teng-Yok Lee and Han-Wei Shen},
  Journal                  = {{IEEE} Trans. Visual. Comput. Graphics},
  Year                     = {2010},
  Month                    = {nov},
  Number                   = {6},
  Pages                    = {1216--1224},
  Volume                   = {16},
  Doi                      = {10.1109/tvcg.2010.131},
  Publisher                = {Institute of Electrical and Electronics Engineers ({IEEE})},
  Url                      = {http://dx.doi.org/10.1109/TVCG.2010.131}
}

@Misc{McLoughlin2009,
  Title                    = {Over Two Decades of Integration-Based, Geometric Flow Visualization},
  Author                   = {McLoughlin, Tony and Laramee, Robert S. and Peikert, Ronald and Post, Frits H. and Chen, Min},
  Year                     = {2009},
  Doi                      = {10.2312/egst.20091062},
  Publisher                = {The Eurographics Association},
  Url                      = {https://doi.org/10.2312/egst.20091062}
}

@InProceedings{Peikert2009,
  Title                    = {Topologically relevant stream surfaces for flow visualization},
  Author                   = {Ronald Peikert and Filip Sadlo},
  Booktitle                = {Proceedings of the 2009 Spring Conference on Computer Graphics - {SCCG} {\textquotesingle}09},
  Year                     = {2009},
  Publisher                = {Association for Computing Machinery ({ACM})},
  Doi                      = {10.1145/1980462.1980472},
  Url                      = {http://dx.doi.org/10.1145/1980462.1980472}
}

@Article{Chen2007,
  Title                    = {Similarity-Guided Streamline Placement with Error Evaluation},
  Author                   = {Yuan Chen and J.D. Cohen and J.H. Krolik},
  Journal                  = {{IEEE} Trans. Visual. Comput. Graphics},
  Year                     = {2007},
  Month                    = {nov},
  Number                   = {6},
  Pages                    = {1448--1455},
  Volume                   = {13},
  Doi                      = {10.1109/tvcg.2007.70595},
  Publisher                = {Institute of Electrical and Electronics Engineers ({IEEE})},
  Url                      = {http://dx.doi.org/10.1109/TVCG.2007.70595}
}

@InProceedings{Ye,
  Title                    = {Strategy for Seeding {3D} Streamlines},
  Author                   = {Xiaohong Ye and D. Kao and A. Pang},
  Booktitle                = {{VIS} 05. {IEEE} Visualization, 2005.},
  Year                     = {2005},
  Publisher                = {Institute of Electrical {\&} Electronics Engineers ({IEEE})},
  Doi                      = {10.1109/visual.2005.1532831},
  Url                      = {http://dx.doi.org/10.1109/VISUAL.2005.1532831}
}

@Misc{Garth2004,
  Title                    = {Surface Techniques for Vortex Visualization},
  Author                   = {Garth, Christoph and Tricoche, Xavier and Salzbrunn, Tobias and Bobach, Tom and Scheuermann, Gerik},
  Year                     = {2004},
  __markedentry            = {[Ross:6]},
  Doi                      = {10.2312/VisSym/VisSym04/155-164},
  Publisher                = {The Eurographics Association},
  Url                      = {https://doi.org/10.2312/VisSym/VisSym04/155-164}
}

@InProceedings{Scheuermann,
  Title                    = {A tetrahedra-based stream surface algorithm},
  Author                   = {G. Scheuermann and T. Bobach and H. Hagen and K. Mahrous and B. Hamann and K.I. Joy and W. Kollmann},
  Booktitle                = {Proceedings Visualization, 2001. {VIS} {\textquotesingle}01.},
  Year                     = {2001},
  Publisher                = {Institute of Electrical {\&} Electronics Engineers ({IEEE})},
  Doi                      = {10.1109/visual.2001.964506},
  Url                      = {http://dx.doi.org/10.1109/VISUAL.2001.964506}
}

@InProceedings{Turk1996,
  Title                    = {Image-guided streamline placement},
  Author                   = {Greg Turk and David Banks},
  Booktitle                = {Proceedings of the 23rd annual conference on Computer graphics and interactive techniques - {SIGGRAPH} {\textquotesingle}96},
  Year                     = {1996},
  Publisher                = {Association for Computing Machinery ({ACM})},
  Doi                      = {10.1145/237170.237285},
  Url                      = {http://dx.doi.org/10.1145/237170.237285}
}

@TechReport{eiter1994computing,
  Title                    = {Computing discrete Fr{\'e}chet distance},
  Author                   = {Eiter, Thomas and Mannila, Heikki},
  Institution              = {Citeseer},
  Year                     = {1994}
}

@InProceedings{Wijk,
  Title                    = {Implicit stream surfaces},
  Author                   = {J.J. van Wijk},
  Booktitle                = {Proceedings Visualization {\textquotesingle}93},
  Year                     = {1993},
  Publisher                = {Institute of Electrical and Electronics Engineers ({IEEE})},
  __markedentry            = {[Ross:]},
  Doi                      = {10.1109/visual.1993.398875},
  Url                      = {http://dx.doi.org/10.1109/visual.1993.398875}
}

@InProceedings{Hultquist,
  Title                    = {Constructing stream surfaces in steady {3D} vector fields},
  Author                   = {J.P.M. Hultquist},
  Booktitle                = {Proceedings Visualization {\textquotesingle}92},
  Year                     = {1992},
  Publisher                = {Institute of Electrical and Electronics Engineers ({IEEE})},
  Doi                      = {10.1109/visual.1992.235211},
  Url                      = {http://dx.doi.org/10.1109/visual.1992.235211}
}

